@inproceedings{popa_cryptdb,
	 author = {Popa, Raluca Ada and Redfield, Catherine M. S. and Zeldovich, Nickolai and Balakrishnan, Hari},
	 title = {CryptDB: Protecting Confidentiality with Encrypted Query Processing},
	 booktitle = {Proceedings of the Twenty-Third ACM Symposium on Operating Systems Principles},
	 series = {SOSP '11},
	 year = {2011},
	 isbn = {978-1-4503-0977-6},
	 location = {Cascais, Portugal},
	 pages = {85--100},
	 numpages = {16},
	 acmid = {2043566},
	 publisher = {ACM},
	 address = {New York, NY, USA},
},
@inproceedings{shafagh_talos,
	 author = {Shafagh, Hossein and Hithnawi, Anwar and Droescher, Andreas and Duquennoy, Simon and Hu, Wen},
	 title = {Talos: Encrypted Query Processing for the Internet of Things},
	 booktitle = {Proceedings of the 13th ACM Conference on Embedded Networked Sensor Systems},
	 series = {SenSys '15},
	 year = {2015},
	 isbn = {978-1-4503-3631-4},
	 location = {Seoul, South Korea},
	 pages = {197--210},
	 numpages = {14},
	 acmid = {2809723},
	 publisher = {ACM},
	 address = {New York, NY, USA},
	 keywords = {cloud computing, computing on encrypted data, data security, homomorphic encryption, internet of things},
},
 
@article{yan_trust_survey,
  title={A survey on trust management for Internet of Things},
  author={Yan, Zheng and Zhang, Peng and Vasilakos, Athanasios V},
  journal={Journal of network and computer applications},
  volume={42},
  pages={120--134},
  year={2014},
  publisher={Elsevier}
},
@article{sicari_privacy_survey,
  title={Security, privacy and trust in Internet of Things: The road ahead},
  author={Sicari, Sabrina and Rizzardi, Alessandra and Grieco, Luigi Alfredo and Coen-Porisini, Alberto},
  journal={Computer Networks},
  volume={76},
  pages={146--164},
  year={2015},
  publisher={Elsevier}
},
@article{botta_survey,
  title={Integration of cloud computing and internet of things: a survey},
  author={Botta, Alessio and De Donato, Walter and Persico, Valerio and Pescap{\'e}, Antonio},
  journal={Future Generation Computer Systems},
  volume={56},
  pages={684--700},
  year={2016},
  publisher={Elsevier}
},
@inproceedings{schuster_vc3,
  title={VC3: Trustworthy data analytics in the cloud using SGX},
  author={Schuster, Felix and Costa, Manuel and Fournet, C{\'e}dric and Gkantsidis, Christos and Peinado, Marcus and Mainar-Ruiz, Gloria and Russinovich, Mark},
  booktitle={Security and Privacy (SP), 2015 IEEE Symposium on},
  pages={38--54},
  year={2015},
  organization={IEEE}
}

